@article{fowler2019typed,
  title={Typed concurrent functional programming with channels, actors and sessions},
  author={Fowler, Simon John},
  year={2019},
  publisher={The University of Edinburgh}
}

@book{harper2016practical,
  title={Practical foundations for programming languages},
  author={Harper, Robert},
  year={2016},
  publisher={Cambridge University Press}
}

@book{Pierce:SF1,
  author = {Benjamin C. Pierce and Arthur Azevedo de Amorim
                  and Chris Casinghino and Marco Gaboardi and
                  Michael Greenberg and C\v{a}t\v{a}lin Hri\c{t}cu
                  and Vilhelm Sj\"{o}berg and Brent Yorgey},
  title = {Logical Foundations},
  series = {Software Foundations series, volume 1},
  month = august,
  year = {2021},
  publisher = {Electronic textbook},
  plclub = {Yes},
  bcp = {Yes},
  keys = {verification,books},
  note = {Version 6.1.  \url{https://softwarefoundations.cis.upenn.edu}},
  ebook = {https://softwarefoundations.cis.upenn.edu},
  japanese = {http://proofcafe.org/sf}
}